<record xmlns="http://www.loc.gov/MARC21/slim" xmlns:xsi="http://www.w3.org/2001/XMLSchema-instance" xsi:schemaLocation="http://www.loc.gov/MARC21/slim http://www.loc.gov/standards/marcxml/schema/MARC21slim.xsd"><leader>00744cz   2200157n  4500</leader><controlfield tag="001">oca03294689 </controlfield><controlfield tag="005">20000727064647.0</controlfield><controlfield tag="008">930105n| acannaabn          |a aaa      </controlfield><datafield ind1=" " ind2=" " tag="010"><subfield code="a">n  93000675 </subfield></datafield><datafield ind1=" " ind2=" " tag="040"><subfield code="a">DLC</subfield><subfield code="b">eng</subfield><subfield code="c">DLC</subfield><subfield code="d">DLC</subfield><subfield code="d">NNC</subfield><subfield code="d">OCoLC</subfield></datafield><datafield ind1="1" ind2=" " tag="100"><subfield code="a">Porfyrius, P. Optianus,</subfield><subfield code="d">fl. 325</subfield></datafield><datafield ind1="1" ind2=" " tag="400"><subfield code="a">Optatianus Porfyrius, Publilius,</subfield><subfield code="d">fl. 325</subfield></datafield><datafield ind1="0" ind2=" " tag="400"><subfield code="a">Publilius Optatianus Porfyrius,</subfield><subfield code="d">fl. 325</subfield></datafield><datafield ind1=" " ind2=" " tag="670"><subfield code="a">Higgins, D. Song for any voice(s) and instrument(s), c1983:</subfield><subfield code="b">cover p. 2 (poems by P. Optianus Porfyrius, fl. 325 AD)</subfield></datafield><datafield ind1=" " ind2=" " tag="670"><subfield code="a">His Epigrammata [CF], 1991:</subfield><subfield code="b">PHI CD ROM #5.3, Latin Canon, bibliographic screen (Publilius Optatianus Porfynius)</subfield></datafield><datafield ind1=" " ind2=" " tag="670"><subfield code="a">Oxford class. dict., 1st ed.:</subfield><subfield code="b">p. 623-624 (Optatianus Porfyrius, Publilius; 4th cent.; poet)</subfield></datafield></record>